<record><leader>00000cas a22000007a 4500</leader><controlfield tag="001">17462715</controlfield><controlfield tag="008">880211d19271936lauwr ne      0    0eng d</controlfield><datafield ind1=" " ind2=" " tag="010"><subfield code="a">sn 88064065 </subfield></datafield><datafield ind1=" " ind2=" " tag="040"><subfield code="a">LNP</subfield><subfield code="b">eng</subfield><subfield code="c">LNP</subfield><subfield code="d">OCLCQ</subfield></datafield><datafield ind1=" " ind2=" " tag="042"><subfield code="a">msc</subfield></datafield><datafield ind1="0" ind2="4" tag="245"><subfield code="a">The Olla signal.</subfield></datafield><datafield ind1=" " ind2=" " tag="260"><subfield code="a">Olla, LaSalle Parish, La. :</subfield><subfield code="b">Wade W. Scott</subfield></datafield><datafield ind1=" " ind2=" " tag="310"><subfield code="a">Weekly</subfield></datafield><datafield ind1="1" ind2=" " tag="362"><subfield code="a">Began in 1927.</subfield></datafield><datafield ind1="0" ind2=" " tag="362"><subfield code="a">-v. 8, no. 34 (July 2, 1936).</subfield></datafield><datafield ind1=" " ind2=" " tag="588"><subfield code="a">Description based on: Vol. 1, no. 13 (Oct. 11, 1927).</subfield></datafield><datafield ind1=" " ind2=" " tag="752"><subfield code="a">United States</subfield><subfield code="b">Louisiana</subfield><subfield code="c">La Salle</subfield><subfield code="d">Olla.</subfield></datafield><datafield ind1="0" ind2="7" tag="785"><subfield code="t">Tullos news</subfield></datafield><datafield ind1="0" ind2="7" tag="785"><subfield code="t">Olla-Tullos signal</subfield><subfield code="w">(DLC)sn 88064066</subfield></datafield><datafield ind1="1" ind2=" " tag="029"><subfield code="a">AU@</subfield><subfield code="b">000025823122</subfield></datafield></record>